<?xml version="1.0" encoding="UTF-8" ?>
<collection xmlns:xsi="http://www.w3.org/2001/XMLSchema-instance"
    xsi:schemaLocation="http://www.loc.gov/MARC21/slim
        http://www.loc.gov/standards/marcxml/schema/MARC21slim.xsd"
    xmlns="http://www.loc.gov/MARC21/slim">
<record>
  <leader>00214nam a2200409 i 4500</leader>
  <controlfield tag="001">b23631594</controlfield>
  <controlfield tag="003">LeBAU</controlfield>
  <controlfield tag="008">190715s1924    ti            000 0 ara d</controlfield>
  <datafield tag="040" ind1=" " ind2=" ">
    <subfield code="a">LEAUB</subfield>
    <subfield code="b">ara</subfield>
    <subfield code="e">rda</subfield>
    <subfield code="c">LEAUB</subfield>
  </datafield>
  <datafield tag="043" ind1=" " ind2=" ">
    <subfield code="a">f-ti---</subfield>
  </datafield>
  <datafield tag="082" ind1="0" ind2="4">
    <subfield code="a">336.611</subfield>
    <subfield code="2">23</subfield>
  </datafield>
  <datafield tag="100" ind1="1" ind2=" ">
    <subfield code="6">880-01</subfield>
    <subfield code="a">Saint, Lucien.</subfield>
    <subfield code="e">author.</subfield>
    <subfield code="0">https://lccn.loc.gov/n91038523 ,</subfield>
  </datafield>
  <datafield tag="240" ind1="1" ind2="0">
    <subfield code="6">880-02</subfield>
    <subfield code="a">Taqrīr jalsāt al-Majlis al-Kabīr lil-Iyālah al-Tūnisīyah</subfield>
  </datafield>
  <datafield tag="245" ind1="1" ind2="0">
    <subfield code="6">880-03</subfield>
    <subfield code="a">Taqrīr janāb al-Sayyid Lūsyān Sān, al-Muqīm al-ʻĀmm lil-Jumhūrīyah al-Fransāwīyah bi-al-Ḥāḍirah.</subfield>
    <subfield code="n">Dawr al-jalsāt al-thānī, (Nūfimbir wa-Dīsimbir ʻām 1923) /</subfield>
    <subfield code="c">al-Mamlakah al-Tūnisīyah, al-Ḥimāyah al-Fransāwīyah ; [Wa-yalīhi] al-Ajwibah ʻan al-iqtirāḥāt al-muqaddamah athnāʼ al-dawr al-awwal min al-jalsāt.</subfield>
  </datafield>
  <datafield tag="264" ind1=" " ind2="1">
    <subfield code="6">880-04</subfield>
    <subfield code="a">Tūnis :</subfield>
    <subfield code="b">al-Maṭbaʻah al-Tūnisīyah,</subfield>
    <subfield code="c">[1924]</subfield>
  </datafield>
  <datafield tag="300" ind1=" " ind2=" ">
    <subfield code="6">880-05</subfield>
    <subfield code="a">1 volume (various pagings) ;</subfield>
    <subfield code="c">25 cm</subfield>
  </datafield>
  <datafield tag="336" ind1=" " ind2=" ">
    <subfield code="a">text</subfield>
    <subfield code="b">txt</subfield>
    <subfield code="2">rdacontent</subfield>
  </datafield>
  <datafield tag="337" ind1=" " ind2=" ">
    <subfield code="a">unmediated</subfield>
    <subfield code="b">n</subfield>
    <subfield code="2">rdamedia</subfield>
  </datafield>
  <datafield tag="338" ind1=" " ind2=" ">
    <subfield code="a">volume</subfield>
    <subfield code="b">nc</subfield>
    <subfield code="2">rdacarrier</subfield>
  </datafield>
  <datafield tag="500" ind1=" " ind2=" ">
    <subfield code="a">جداول.</subfield>
  </datafield>
  <datafield tag="610" ind1="1" ind2="4">
    <subfield code="a">تونس.</subfield>
    <subfield code="b">المجلس الكبير</subfield>
    <subfield code="v">محاضر جلسات (سجلات)</subfield>
  </datafield>
  <datafield tag="610" ind1="1" ind2="0">
    <subfield code="a">Tunisia.</subfield>
    <subfield code="b">Grand Conseil</subfield>
    <subfield code="v">Minutes (Records)</subfield>
  </datafield>
  <datafield tag="651" ind1=" " ind2="4">
    <subfield code="a">تونس</subfield>
    <subfield code="x">الإعتمادات والمصروفات.</subfield>
  </datafield>
  <datafield tag="651" ind1=" " ind2="0">
    <subfield code="a">Tunisia</subfield>
    <subfield code="x">Appropriations and expenditures.</subfield>
  </datafield>
  <datafield tag="710" ind1="1" ind2=" ">
    <subfield code="6">880-06</subfield>
    <subfield code="a">Tunisia.</subfield>
    <subfield code="b">Grand Conseil.</subfield>
    <subfield code="e">issuing body.</subfield>
    <subfield code="0">https://lccn.loc.gov/n91038525 ,</subfield>
  </datafield>
  <datafield tag="710" ind1="1" ind2=" ">
    <subfield code="6">880-07</subfield>
    <subfield code="a">Tunisia.</subfield>
    <subfield code="b">Grand Conseil.</subfield>
    <subfield code="t">Ajwibah ʻan al-iqtirāḥāt al-muqaddamah athnāʼ al-dawr al-awwal min al-jalsāt.</subfield>
  </datafield>
  <datafield tag="852" ind1=" " ind2=" ">
    <subfield code="a">Jafet Library</subfield>
    <subfield code="e">American University of Beirut, Bliss Street, Beirut, Lebanon.‎</subfield>
  </datafield>
  <datafield tag="880" ind1="1" ind2=" ">
    <subfield code="6">100-01/(3/r</subfield>
    <subfield code="a">سان، لوسيان،</subfield>
    <subfield code="0">https://lccn.loc.gov/n91038523 ,</subfield>
    <subfield code="e">مؤلف. </subfield>
    <subfield code="4">aut.</subfield>
  </datafield>
  <datafield tag="880" ind1="1" ind2="0">
    <subfield code="6">245-03/(3/r</subfield>
    <subfield code="a">تقرير جناب السيد لوسيان سان، المقيم العام للجمهورية الفرنسوية بالحاضرة.</subfield>
    <subfield code="n">دور الجلسات الثاني، (نوفمبر وديسمبر عام 1923) /</subfield>
    <subfield code="c">المملكة التونسية، الحماية الفرنسوية ؛ [ويليه] الاجوبة عن الاقتراحات المقدمة اثناء الدور الاول من الجلسات. </subfield>
  </datafield>
  <datafield tag="880" ind1="1" ind2="0">
    <subfield code="6">240-02/(3/r</subfield>
    <subfield code="a">تقارير جلسات المجلس الكبير للايالة التونسية</subfield>
  </datafield>
  <datafield tag="880" ind1=" " ind2="1">
    <subfield code="6">264-04/(3/r</subfield>
    <subfield code="a">تونس :</subfield>
    <subfield code="b">المطبعة التونسية،</subfield>
    <subfield code="c">[1924]</subfield>
  </datafield>
  <datafield tag="880" ind1=" " ind2=" ">
    <subfield code="6">300-05/(3/r</subfield>
    <subfield code="a">1 جزء (متعدد الترقيم) ؛</subfield>
    <subfield code="c">25 سم</subfield>
  </datafield>
  <datafield tag="880" ind1="1" ind2=" ">
    <subfield code="6">710-06/(3/r</subfield>
    <subfield code="a">تونس.</subfield>
    <subfield code="b">المجلس الكبير،</subfield>
    <subfield code="0">https://lccn.loc.gov/n91038525 ,</subfield>
    <subfield code="e">هيئة اصدار. </subfield>
    <subfield code="4">isb.</subfield>
  </datafield>
  <datafield tag="880" ind1="1" ind2=" ">
    <subfield code="6">710-07/(3/r</subfield>
    <subfield code="a">تونس.</subfield>
    <subfield code="b">المجلس الكبير.</subfield>
    <subfield code="t">الاجوبة عن الاقتراحات المقدمة اثناء الدور الاول من الجلسات.</subfield>
  </datafield>
  <datafield tag="907" ind1=" " ind2=" ">
    <subfield code="a">.b23631594</subfield>
    <subfield code="b">19-08-16</subfield>
    <subfield code="c">19-07-15</subfield>
  </datafield>
  <datafield tag="945" ind1=" " ind2=" ">
    <subfield code="f">J</subfield>
    <subfield code="a">336.611:T926tA:1924</subfield>
    <subfield code="i">01019512</subfield>
    <subfield code="j">.i12917023</subfield>
    <subfield code="l">u0503</subfield>
  </datafield>
  <datafield tag="998" ind1=" " ind2=" ">
    <subfield code="a">u05</subfield>
    <subfield code="b">19-07-15</subfield>
    <subfield code="c">m</subfield>
    <subfield code="d">a  </subfield>
    <subfield code="e">-</subfield>
    <subfield code="f">ara</subfield>
    <subfield code="g">ti </subfield>
    <subfield code="h">0</subfield>
    <subfield code="i">0</subfield>
  </datafield>
</record>
</collection>
